<?xml version='1.0' encoding='utf-8'?>
<record xmlns="http://www.loc.gov/MARC21/slim" xmlns:xsi="http://www.w3.org/2001/XMLSchema-instance">
  <leader>00000nmm^a2200541^a^4500</leader>
  <controlfield tag="001">003348433</controlfield>
  <controlfield tag="005">20070810103501.0</controlfield>
  <controlfield tag="008">991011s1997^^^^inu^^^^^^^^d^^^^^^^^eng^d</controlfield>
  <datafield tag="020" ind1=" " ind2=" ">
    <subfield code="a">1878208764</subfield>
  </datafield>
  <datafield tag="035" ind1=" " ind2=" ">
    <subfield code="a">(OCoLC)ocm38904708</subfield>
  </datafield>
  <datafield tag="040" ind1=" " ind2=" ">
    <subfield code="a">MNJ</subfield>
    <subfield code="c">MNJ</subfield>
    <subfield code="d">BEU</subfield>
  </datafield>
  <datafield tag="041" ind1="0" ind2=" ">
    <subfield code="a">eng</subfield>
    <subfield code="g">eng</subfield>
  </datafield>
  <datafield tag="043" ind1=" " ind2=" ">
    <subfield code="a">n-us---</subfield>
  </datafield>
  <datafield tag="045" ind1="2" ind2=" ">
    <subfield code="b">d1861----</subfield>
    <subfield code="b">d1865----</subfield>
  </datafield>
  <datafield tag="090" ind1=" " ind2=" ">
    <subfield code="a">E464</subfield>
    <subfield code="b">.C585 1997b</subfield>
  </datafield>
  <datafield tag="245" ind1="0" ind2="4">
    <subfield code="a">The Civil War CD-ROM</subfield>
    <subfield code="h">[electronic resource] :</subfield>
    <subfield code="b">the War of the Rebellion : a compilation of the official records of the Union and Confederate Armies /</subfield>
    <subfield code="c">[developed by Philip Oliver].</subfield>
  </datafield>
  <datafield tag="246" ind1="3" ind2="0">
    <subfield code="a">War of the Rebellion</subfield>
  </datafield>
  <datafield tag="246" ind1="3" ind2="0">
    <subfield code="a">Compilation of the official records of the Union and Confederate Armies</subfield>
  </datafield>
  <datafield tag="250" ind1=" " ind2=" ">
    <subfield code="a">Version 1.55.</subfield>
  </datafield>
  <datafield tag="260" ind1=" " ind2=" ">
    <subfield code="a">Carmel, IN :</subfield>
    <subfield code="b">Guild Press of Indiana,</subfield>
    <subfield code="c">c1997.</subfield>
  </datafield>
  <datafield tag="300" ind1=" " ind2=" ">
    <subfield code="a">1 computer laser optical disc :</subfield>
    <subfield code="b">col. ;</subfield>
    <subfield code="c">4 3/4 in. +</subfield>
    <subfield code="e">1 user's guide (11 p. ; 12 cm.)</subfield>
  </datafield>
  <datafield tag="538" ind1=" " ind2=" ">
    <subfield code="a">System requirements: 386 IBM-PC compatible; 4 MB RAM; Windows 3.1 ; Super VGA monitor.</subfield>
  </datafield>
  <datafield tag="538" ind1=" " ind2=" ">
    <subfield code="a">System requirements: Pentium at 100MHz recommended; 16 MB RAM recommended; Windows 95; 1024x768 monitor; 4X CD-ROM drive or higher.</subfield>
  </datafield>
  <datafield tag="538" ind1=" " ind2=" ">
    <subfield code="a">System requirements: Macintosh; System 7.0 or higher; 8 MB RAM minimum.</subfield>
  </datafield>
  <datafield tag="546" ind1=" " ind2=" ">
    <subfield code="a">In English.</subfield>
  </datafield>
  <datafield tag="500" ind1=" " ind2=" ">
    <subfield code="a">Title from disc label.</subfield>
  </datafield>
  <datafield tag="500" ind1=" " ind2=" ">
    <subfield code="a">On container: v 1.5.</subfield>
  </datafield>
  <datafield tag="500" ind1=" " ind2=" ">
    <subfield code="a">Updated version of the 1996 CD-ROM of the same title.</subfield>
  </datafield>
  <datafield tag="500" ind1=" " ind2=" ">
    <subfield code="a">"PC and Macintosh compatible"--Cover of accompanying user's guide.</subfield>
  </datafield>
  <datafield tag="500" ind1=" " ind2=" ">
    <subfield code="a">Accompanying user's guide (11 p.) inserted in container.</subfield>
  </datafield>
  <datafield tag="504" ind1=" " ind2=" ">
    <subfield code="a">Includes bibliographical references and indexes.</subfield>
  </datafield>
  <datafield tag="505" ind1="0" ind2="0">
    <subfield code="t">The War of the Rebellion : a compilation of the official records of the Union and Confederate Armies --</subfield>
    <subfield code="t">A compendium of the War of the Rebellion /</subfield>
    <subfield code="r">Frederick H. Dyer --</subfield>
    <subfield code="t">Regimental losses in the American Civil War (1861-1865) /</subfield>
    <subfield code="r">William F. Fox --</subfield>
    <subfield code="t">A user's guide to the official records of the American Civil War /</subfield>
    <subfield code="r">Alan and Barbara Aimone --</subfield>
    <subfield code="t">Military operations of the Civil War : a guide index to the official records of the Union and Confederate Armies /</subfield>
    <subfield code="r">edited by National Archives historians.</subfield>
  </datafield>
  <datafield tag="651" ind1=" " ind2="0">
    <subfield code="a">United States</subfield>
    <subfield code="x">History</subfield>
    <subfield code="y">Civil War, 1861-1865</subfield>
    <subfield code="x">Sources.</subfield>
  </datafield>
  <datafield tag="651" ind1=" " ind2="0">
    <subfield code="a">United States</subfield>
    <subfield code="x">History</subfield>
    <subfield code="y">Civil War, 1861-1865</subfield>
    <subfield code="x">Regimental histories.</subfield>
  </datafield>
  <datafield tag="651" ind1=" " ind2="0">
    <subfield code="a">United States</subfield>
    <subfield code="x">History</subfield>
    <subfield code="y">Civil War, 1861-1865</subfield>
    <subfield code="x">Registers.</subfield>
  </datafield>
  <datafield tag="650" ind1=" " ind2="0">
    <subfield code="a">Confederate States of America</subfield>
    <subfield code="x">History</subfield>
    <subfield code="x">Sources.</subfield>
  </datafield>
  <datafield tag="655" ind1=" " ind2="7">
    <subfield code="a">CD-ROMs.</subfield>
    <subfield code="2">aat</subfield>
  </datafield>
  <datafield tag="700" ind1="1" ind2=" ">
    <subfield code="a">Oliver, Philip.</subfield>
  </datafield>
  <datafield tag="710" ind1="2" ind2=" ">
    <subfield code="a">Guild Press of Indiana.</subfield>
  </datafield>
  <datafield tag="700" ind1="1" ind2=" ">
    <subfield code="a">Dyer, Frederick H.</subfield>
    <subfield code="q">(Frederick Henry)</subfield>
    <subfield code="d">1849-</subfield>
    <subfield code="t">Compendium of the War of the Rebellion.</subfield>
  </datafield>
  <datafield tag="700" ind1="1" ind2=" ">
    <subfield code="a">Aimone, Alan Conrad,</subfield>
    <subfield code="d">1941-</subfield>
    <subfield code="t">User's guide to the official records of the American Civil War.</subfield>
  </datafield>
  <datafield tag="700" ind1="1" ind2=" ">
    <subfield code="a">Fox, William F.</subfield>
    <subfield code="q">(William Freeman),</subfield>
    <subfield code="d">1840-1909.</subfield>
    <subfield code="t">Regimental losses in the American Civil War, 1861-1865.</subfield>
  </datafield>
  <datafield tag="710" ind1="1" ind2=" ">
    <subfield code="a">United States.</subfield>
    <subfield code="b">War Department.</subfield>
    <subfield code="t">War of the rebellion.</subfield>
  </datafield>
  <datafield tag="710" ind1="1" ind2=" ">
    <subfield code="a">United States.</subfield>
    <subfield code="b">National Archives and Records Service.</subfield>
    <subfield code="t">Military operations of the Civil War.</subfield>
  </datafield>
  <datafield tag="852" ind1="8" ind2=" ">
    <subfield code="a">MiU-H</subfield>
    <subfield code="b">BENT</subfield>
    <subfield code="h">0084 Aa 2</subfield>
  </datafield>
  <datafield tag="998" ind1=" " ind2=" ">
    <subfield code="c">LAC</subfield>
  </datafield>
  <datafield tag="955" ind1=" " ind2=" ">
    <subfield code="b">BENT</subfield>
    <subfield code="p">B1300737</subfield>
  </datafield>
</record>
